<?xml version="1.0" encoding="UTF-8"?><collection xmlns="http://www.loc.gov/MARC21/slim"><record><leader>00622nam--2200217-i-4500</leader><controlfield tag="001">000028285</controlfield><controlfield tag="002">20161230</controlfield><controlfield tag="005">20161230201037</controlfield><controlfield tag="008">060222s1000------------r-----000-0-rum-d</controlfield><datafield ind1=" " ind2=" " tag="040"><subfield code="a">IFIN-HH</subfield></datafield><datafield ind1=" " ind2=" " tag="041"><subfield code="a">rum</subfield></datafield><datafield ind1=" " ind2=" " tag="080"><subfield code="a">530.191</subfield></datafield><datafield ind1="1" ind2=" " tag="100"><subfield code="a">Ivanenko, D</subfield></datafield><datafield ind1="1" ind2="0" tag="245"><subfield code="a">Teoria clasica a campului</subfield><subfield code="b">Traducere din limba rusa</subfield><subfield code="c">D. ivanenko; a. sokolov</subfield></datafield><datafield ind1=" " ind2=" " tag="250"><subfield code="a">Editia A Doua</subfield></datafield><datafield ind1=" " ind2=" " tag="260"><subfield code="a">Bucuresti</subfield><subfield code="b">Editura Tehnica</subfield><subfield code="c">1955</subfield></datafield><datafield ind1=" " ind2=" " tag="300"><subfield code="a">439P</subfield></datafield><datafield ind1=" " ind2=" " tag="500"><subfield code="a">Titlul Original In Limba Rusa: Klassiceskaia Teoria Polia (Novie Problemi)</subfield></datafield><datafield ind1="1" ind2=" " tag="700"><subfield code="a">Sokolov, A</subfield></datafield><datafield ind1=" " ind2=" " tag="852"><subfield code="a">4531</subfield><subfield code="c">530.1</subfield></datafield><datafield ind1=" " ind2=" " tag="CAT"><subfield code="a">Sys</subfield><subfield code="c">20110329</subfield><subfield code="h">155134</subfield></datafield></record></collection>